@book{DK:texbook,
  title={The \TeX\ book},
  author= {Donald E. Knuth},
  isbn={9780201134483},
  lccn={85030845},
  series={Computers  \&  Typesetting, Volume~A},
  year={1984},
  publisher={Addison-Wesley Publishing Company}
}

@book{DK:mfb,
 author = {Knuth, Donald E.},
 title = {Computers \& Typesetting, The METAFONT book},
 year = {1986},
 isbn = {0-201-13445-4},
 publisher = {Addison-Wesley},
Xpublisher = {Addison-Wesley Longman Publishing Co., Inc.},
Xaddress = {Boston, MA, USA},
} 
 

@Book{DK:lp,
  author = 	 {Donald E. Knuth},
  title = 	 {Literate Programming},
  publisher = 	 {Center for the Study of Language and Information},
  year = 	 {1992},
  address = 	 {Stanford, CA},
  series =       "CSLI Lecture Notes Number 27"
}

@Book{DK:tex,
  author = 	 {Donald E. Knuth},
  title = 	 {\TeX: The Program},
  publisher = 	 {Addison-Wesley},
  year = 	 {1986},
  series =       {Computers  \&  Typesetting, Volume~B}
}